@misc{W3CHTML86:online,
author = {},
title = {W3C HTML},
howpublished = {\url{https://www.w3.org/html/}},
month = {},
year = {},
note = {(10/05/2019)}
}

@misc{Dynamicp76:online,
author = {},
title = {Dynamic programming language},
howpublished = {\url{https://developer.mozilla.org/en-US/docs/Glossary/Dynamic_programming_language}},
month = {},
year = {},
note = {(26/05/2019)}
}

@misc{UMLdijag64:online,
author = {},
title = {UML-dijagrami: zbirka rije≈°enih zadataka},
howpublished = {\url{http://www.graphis.hr/news/uml-dijagrami/uml_dijagrami_za_web.pdf}},
month = {},
year = {},
note = {(10/05/2019)}
}

@misc{Overview86:online,
author = {},
title = {Maps JavaScript API},
howpublished = {\url{https://developers.google.com/maps/documentation/javascript/tutorial}},
month = {},
year = {},
note = {(27/05/2019)}
}

@misc{GetStart0:online,
author = {},
title = {Geocoding API},
howpublished = {\url{https://developers.google.com/maps/documentation/geocoding/start}},
month = {},
year = {},
note = {(27/05/2019)}
}

@misc{GetStart97:online,
author = {},
title = {Directions API},
howpublished = {\url{https://developers.google.com/maps/documentation/directions/start}},
month = {},
year = {},
note = {(27/05/2019)}
}

@misc{Introduc43:online,
author = {},
title = {Bootstrap: Introduction},
howpublished = {\url{https://getbootstrap.com/docs/4.3/getting-started/introduction/}},
month = {},
year = {},
note = {(27/05/2019)}
}

@misc{Differen48:online,
author = {},
title = {An Introduction to the Java EE Platform},
howpublished = {\url{https://docs.oracle.com/javaee/6/firstcup/doc/gkhoy.html}},
month = {},
year = {},
note = {(01/06/2019)}
}

@misc{SpringFr9:online,
author = {},
title = {Spring Framework Overview},
howpublished = {\url{https://docs.spring.io/spring/docs/current/spring-framework-reference/overview.html}},
month = {},
year = {},
note = {(01/06/2019)}
}

@misc{PostgreS70:online,
author = {},
title = {PostgreSQL: About},
howpublished = {\url{https://www.postgresql.org/about/}},
month = {},
year = {},
note = {(04/06/2019)}
}